%% start of file `jdoe_publications.bib'.
%% Copyright 2006 Xavier Danaux (xdanaux<AT>gmail.com).
%
% This work may be distributed and/or modified under the
% conditions of the LaTeX Project Public License version 1.3c,
% available at http://www.latex-project.org/lppl/.


@ARTICLE{publication1,
  author = {Lei Hu and Yizhou Wang and Shuqiang Jiang and Qingming Huang and Wen Gao},
  title = {Human Reappearance Detection Based on On-line Learning},
  journal = {International Conference on Pattern Recognition},
  year = {2008},
}

@ARTICLE{publication2,
  author = {Lei Hu and Shuqiang Jiang and Qingming Huang and Wen Gao},
  title = {People Re-detection Using AdaBoost with SIFT and Color Correlogram},
  journal = {International Conference on Image Processing},
  year = {2008},
}


%% end of file `jdoe_publications.bib'.
